@ONLINE{joseph,
  title={"Joseph's website"},
  author={HyunJong JoSepH Lee},
  note={\url{http://forkjoseph.me/}}
}
