@STRING{PROC = "Proceedings of the "}

@STRING{MOBICOM = " International Conference on Mobile Computing and Networking (MobiCom)"}
@STRING{MOBICOM95 = PROC # "1st" # MOBICOM}
@STRING{MOBICOM96 = PROC # "2nd" # MOBICOM}
@STRING{MOBICOM97 = PROC # "3rd" # MOBICOM}
@STRING{MOBICOM98 = PROC # "4th" # MOBICOM}
@STRING{MOBICOM99 = PROC # "5th" # MOBICOM}
@STRING{MOBICOM00 = PROC # "6th" # MOBICOM}
@STRING{MOBICOM01 = PROC # "7th" # MOBICOM}
@STRING{MOBICOM02 = PROC # "8th" # MOBICOM}
@STRING{MOBICOM03 = PROC # "9th" # MOBICOM}
@STRING{MOBICOM04 = PROC # "10th" # MOBICOM}
@STRING{MOBICOM05 = PROC # "11th" # MOBICOM}
@STRING{MOBICOM06 = PROC # "12th" # MOBICOM}
@STRING{MOBICOM07 = PROC # "13th" # MOBICOM}
@STRING{MOBICOM08 = PROC # "14th" # MOBICOM}
@STRING{MOBICOM09 = PROC # "15th" # MOBICOM}
@STRING{MOBICOM10 = PROC # "16th" # MOBICOM}
@STRING{MOBICOM16 = PROC # "22nd" # MOBICOM}
@STRING{MOBICOM17 = PROC # "23rd" # MOBICOM}
@STRING{MOBICOM18 = PROC # "24th" # MOBICOM}

@STRING{MOBISYS = " International Conference on Mobile Systems, Applications and Services (MobiSys)"}
@STRING{MOBISYS03 = PROC # "1st" # MOBISYS}
@STRING{MOBISYS04 = PROC # "2nd" # MOBISYS}
@STRING{MOBISYS05 = PROC # "3rd" # MOBISYS}
@STRING{MOBISYS06 = PROC # "4th" # MOBISYS}
@STRING{MOBISYS07 = PROC # "5th" # MOBISYS}
@STRING{MOBISYS08 = PROC # "6th" # MOBISYS}
@STRING{MOBISYS09 = PROC # "7th" # MOBISYS}
@STRING{MOBISYS10 = PROC # "8th" # MOBISYS}
@STRING{MOBISYS11 = PROC # "9th" # MOBISYS}
@STRING{MOBISYS12 = PROC # "10th" # MOBISYS}
@STRING{MOBISYS13 = PROC # "11th" # MOBISYS}
@STRING{MOBISYS14 = PROC # "12th" # MOBISYS}
@STRING{MOBISYS15 = PROC # "13th" # MOBISYS}
@STRING{MOBISYS16 = PROC # "14th" # MOBISYS}
@STRING{MOBISYS17 = PROC # "15th" # MOBISYS}
@STRING{MOBISYS18 = PROC # "16th" # MOBISYS}

@STRING{HOTMOBILE = " International Workshop on Mobile Computing Systems and Applications (HotMobile)"}
@STRING{WMCSA94 = PROC # "1st" # HOTMOBILE}
@STRING{WMCSA99 = PROC # "2nd" # HOTMOBILE}
@STRING{WMCSA00 = PROC # "3rd" # HOTMOBILE}
@STRING{WMCSA02 = PROC # "4th" # HOTMOBILE}
@STRING{WMCSA03 = PROC # "5th" # HOTMOBILE}
@STRING{WMCSA04 = PROC # "6th" # HOTMOBILE}
@STRING{HOTMOBILE06 = PROC # "7th" # HOTMOBILE}
@STRING{HOTMOBILE07 = PROC # "8th" # HOTMOBILE}
@STRING{HOTMOBILE08 = PROC # "9th" # HOTMOBILE}
@STRING{HOTMOBILE09 = PROC # "10th" # HOTMOBILE}
@STRING{HOTMOBILE10 = PROC # "11th" # HOTMOBILE}
@STRING{HOTMOBILE11 = PROC # "12th" # HOTMOBILE}
@STRING{HOTMOBILE12 = PROC # "13th" # HOTMOBILE}
@STRING{HOTMOBILE13 = PROC # "14th" # HOTMOBILE}
@STRING{HOTMOBILE14 = PROC # "15th" # HOTMOBILE}
@STRING{HOTMOBILE15 = PROC # "16th" # HOTMOBILE}
@STRING{HOTMOBILE16 = PROC # "17th" # HOTMOBILE}
@STRING{HOTMOBILE17 = PROC # "18th" # HOTMOBILE}
@STRING{HOTMOBILE18 = PROC # "19th" # HOTMOBILE}

@STRING{SEC = " IEEE/ACM Symposium on Edge Computing (SEC)"}
@STRING{SEC16 = PROC # "1st" # SEC}
@STRING{SEC17 = PROC # "2nd" # SEC}
@STRING{SEC18 = PROC # "3rd" # SEC}

@STRING{INFOCOM = " Annual IEEE International Conference on Computer Communications (INFOCOM)"}
@STRING{INFOCOM15 = PROC # "34th" # INFOCOM}
@STRING{INFOCOM14 = PROC # "33rd" # INFOCOM}
@STRING{INFOCOM06 = PROC # "25th" # INFOCOM}
@STRING{INFOCOM05 = PROC # "24th" # INFOCOM}
@STRING{INFOCOM04 = PROC # "23rd" # INFOCOM}
@STRING{INFOCOM03 = PROC # "22nd" # INFOCOM}
@STRING{INFOCOM02 = PROC # "21st" # INFOCOM}
@STRING{INFOCOM01 = PROC # "20th" # INFOCOM}

@STRING{NSDI = " USENIX Symposium on Networked Systems Design and Implementation (NSDI)"}
@STRING{NSDI04 = PROC # "1st " # NSDI}
@STRING{NSDI05 = PROC # "2nd " # NSDI}
@STRING{NSDI06 = PROC # "3rd " # NSDI}
@STRING{NSDI07 = PROC # "4th " # NSDI}
@STRING{NSDI08 = PROC # "5th " # NSDI}
@STRING{NSDI09 = PROC # "6th " # NSDI}
@STRING{NSDI10 = PROC # "7th " # NSDI}
@STRING{NSDI11 = PROC # "8th " # NSDI}
@STRING{NSDI12 = PROC # "9th " # NSDI}
@STRING{NSDI13 = PROC # "10th " # NSDI}

@STRING{IMC = " Internet Measurement Conference (IMC)"}
@STRING{IMC10 = PROC # "2010" # IMC}
@STRING{IMC11 = PROC # "2011" # IMC}
@STRING{IMC12 = PROC # "2012" # IMC}
@STRING{IMC13 = PROC # "2013" # IMC}
@STRING{IMC14 = PROC # "2014" # IMC}
@STRING{IMC15 = PROC # "2015" # IMC}

@STRING{SIGCOMM = " ACM Conference on Computer Communications (SIGCOMM)"}
@STRING{SIGCOMM10 = PROC # "2010" # SIGCOMM}
@STRING{SIGCOMM11 = PROC # "2011" # SIGCOMM}
@STRING{SIGCOMM12 = PROC # "2012" # SIGCOMM}
@STRING{SIGCOMM13 = PROC # "2013" # SIGCOMM}
@STRING{SIGCOMM14 = PROC # "2014" # SIGCOMM}
@STRING{SIGCOMM15 = PROC # "2015" # SIGCOMM}
@STRING{SIGCOMM16 = PROC # "2016" # SIGCOMM}
@STRING{SIGCOMM17 = PROC # "2017" # SIGCOMM}
@STRING{SIGCOMM18 = PROC # "2018" # SIGCOMM}

@STRING{CONEXT = " ACM conference on Emerging networking experiments and technologies (CoNEXT)"}
@STRING{CONEXT13 = PROC # "9th" # CONEXT}
