@article{macroscopic,
  title={The macroscopic behavior of the TCP congestion avoidance algorithm},
  author={Mathis, Matthew and Semke, Jeffrey and Mahdavi, Jamshid and Ott, Teunis},
  journal={ACM SIGCOMM Computer Communication Review},
  volume={27},
  number={3},
  pages={67--82},
  year={1997},
  publisher={ACM}
}
@inproceedings{imp,
  title={Informed mobile prefetching},
  author={Higgins, Brett D and Flinn, Jason and Giuli, Thomas J and Noble, Brian and Peplin, Christopher and Watson, David},
  booktitle={Proceedings of the 10th international conference on Mobile systems, applications, and services},
  pages={155--168},
  year={2012},
  organization={ACM}
}
